@article{mohan1992aries,
  title={ARIES: a transaction recovery method supporting fine-granularity locking and partial rollbacks using write-ahead logging},
  author={Mohan, C and Haderle, Don and Lindsay, Bruce and Pirahesh, Hamid and Schwarz, Peter},
  journal={ACM Transactions on Database Systems (TODS)},
  volume={17},
  number={1},
  pages={94--162},
  year={1992},
  publisher={ACM}
}

@book{ramakrishnan2000database,
  title={Database management systems},
  author={Ramakrishnan, Raghu and Gehrke, Johannes},
  year={2000},
  publisher={McGraw Hill}

